<?xml version="1.0" encoding="UTF-8"?><collection xmlns="http://www.loc.gov/MARC21/slim"><record><leader>00484nam--2200145-i-4500</leader><controlfield tag="001">000007139</controlfield><controlfield tag="002">20161230</controlfield><controlfield tag="005">20161230201027</controlfield><controlfield tag="008">060222s1000------------r-----000-0-eng-d</controlfield><datafield ind1=" " ind2=" " tag="080"><subfield code="a">669.822.3:669.298:669.725</subfield></datafield><datafield ind1=" " ind2=" " tag="100"><subfield code="a">Bellamy, R.G. And Hill, N.A</subfield></datafield><datafield ind1=" " ind2=" " tag="245"><subfield code="a">Extraction and metallurgy of uranium, thorium and beryllium</subfield></datafield><datafield ind1=" " ind2=" " tag="260"><subfield code="a">Oxford, Pergamon Press, 1963. Ix + 198 P</subfield></datafield><datafield ind1=" " ind2=" " tag="490"><subfield code="a">International Series Of Monographs On Nuclear Energy, Division Viii:Materials</subfield></datafield><datafield ind1=" " ind2=" " tag="852"><subfield code="a">18156</subfield></datafield></record></collection>